@article{
marumaru,
  author = {○○△△},
  title = {marumaru},
  journal = {システム情報科学会論文誌},
  volume = {2},
  pages = {13-19},
  year = {2002},
}

%このへんとかホント手打ちで作ったからまずいかも。Mendeleyさんとかに作ってもらって…。
@article{
abc,
  author = {A.B.Cdddddd},
  journal = {J. Systems Information Science},
  volume = {11},
  number = {1145-1159},
  year = {2001}
}

@inbook{
batubatu,
  author = {○○×× and □□△△},
  title = {システム情報科学},
  publisher = {☆☆出版},
  year = {1999},
  pages = {20-21}
}

@inbook{
efghij,
  author = {E.Fggg and H.Ijjj},
  title = {Electrical Engineering},
  publisher = {KKPress},
  year = {2003},
  pages = {281-284}
}